@inproceedings{Zhao:2017,
 author = {Zhao, Ritchie and Song, Weinan and Zhang, Wentao and Xing, Tianwei and Lin, Jeng-Hau and Srivastava, Mani and Gupta, Rajesh and Zhang, Zhiru},
 title = {Accelerating Binarized Convolutional Neural Networks with Software-Programmable FPGAs},
 booktitle = {Proceedings of the 2017 ACM/SIGDA International Symposium on Field-Programmable Gate Arrays},
 series = {FPGA '17},
 year = {2017},
 isbn = {978-1-4503-4354-1},
 location = {Monterey, California, USA},
 pages = {15--24},
 numpages = {10},
 url = {http://doi.acm.org/10.1145/3020078.3021741},
 doi = {10.1145/3020078.3021741},
 acmid = {3021741},
 publisher = {ACM},
 address = {New York, NY, USA},
 keywords = {FPGAs, binarized, binarized convolutional networks, deep learning, high-level synthesis, reconfigurable computing},
} 
@ARTICLE{kim:DeepX, 
author={L. W. Kim}, 
journal={IEEE Transactions on Neural Networks and Learning Systems}, 
title={DeepX: Deep Learning Accelerator for Restricted Boltzmann Machine Artificial Neural Networks}, 
year={2017}, 
volume={PP}, 
number={99}, 
pages={1-13}, 
keywords={Acceleration;Computer architecture;Field programmable gate arrays;Hardware;Neural networks;Program processors;Training;Deep belief networks (DBNs);hardware-based computational acceleration;pipeline and parallel architecture;reconfigurable computing;restricted Boltzmann machine (RBM).}, 
doi={10.1109/TNNLS.2017.2665555}, 
ISSN={2162-237X}, 
month={},}

@INPROCEEDINGS{Chen:Eyeriss, 
author={Y. H. Chen and T. Krishna and J. Emer and V. Sze}, 
booktitle={2016 IEEE International Solid-State Circuits Conference (ISSCC)}, 
title={14.5 Eyeriss: An energy-efficient reconfigurable accelerator for deep convolutional neural networks}, 
year={2016}, 
pages={262-263}, 
keywords={computer vision;convolution;image filtering;learning (artificial intelligence);neural nets;AlexNet;CNN;Eyeriss framework;MAC;computer vision tasks;data movement;deep learning;deep-convolutional neural networks;energy-efficient reconfigurable accelerator;filter channels;filter sizes;filter weights;fully-convolutional networks;image pixel;Arrays;Bandwidth;Clocks;Logic arrays;Memory management;Random access memory;Shape}, 
doi={10.1109/ISSCC.2016.7418007}, 
month={Jan},}

@inproceedings{Fang:UAP,
 author = {Fang, Yuanwei and Hoang, Tung T. and Becchi, Michela and Chien, Andrew A.},
 title = {Fast Support for Unstructured Data Processing: The Unified Automata Processor},
 booktitle = {Proceedings of the 48th International Symposium on Microarchitecture},
 series = {MICRO-48},
 year = {2015},
 isbn = {978-1-4503-4034-2},
 location = {Waikiki, Hawaii},
 pages = {533--545},
 numpages = {13},
 url = {http://doi.acm.org/10.1145/2830772.2830809},
 doi = {10.1145/2830772.2830809},
 acmid = {2830809},
 publisher = {ACM},
 address = {New York, NY, USA},
 keywords = {computer architecture, custom architecture, data processing, energy-efficient, finite automata, pattern-matching, processor},
} 


@INPROCEEDINGS{kim:neuromorphic, 
author={D. Kim and J. Kung and S. Chai and S. Yalamanchili and S. Mukhopadhyay}, 
booktitle={2016 ACM/IEEE 43rd Annual International Symposium on Computer Architecture (ISCA)}, 
title={Neurocube: A Programmable Digital Neuromorphic Architecture with High-Density 3D Memory}, 
year={2016}, 
pages={380-392}, 
keywords={logic circuits;memory architecture;neural nets;storage management chips;HMC;Neurocube;convolutional neural network;high-density 3D memory;logic tier;memory centric computing;neural computing;programmable digital neuromorphic architecture;Artificial neural networks;Biological neural networks;Computer architecture;Neurons;Random access memory;Three-dimensional displays;Neural nets;Neurocomputers;Neuromorphic computing}, 
doi={10.1109/ISCA.2016.41}, 
ISSN={1063-6897}, 
month={June},}

@article{facedetection_dws,
 author = {Nguyen, Tan and Hefenbrock, Daniel and Oberg, Jason and Kastner, Ryan and Baden, Scott},
 title = {A Software-based Dynamic-warp Scheduling Approach for Load-balancing the Viola-Jones Face Detection Algorithm on GPUs},
 journal = {J. Parallel Distrib. Comput.},
 issue_date = {May, 2013},
 volume = {73},
 number = {5},
 month = may,
 year = {2013},
 issn = {0743-7315},
 pages = {677--685},
 numpages = {9},
 url = {http://dx.doi.org/10.1016/j.jpdc.2013.01.012},
 doi = {10.1016/j.jpdc.2013.01.012},
 acmid = {2486516},
 publisher = {Academic Press, Inc.},
 address = {Orlando, FL, USA},
 keywords = {Dynamic warp scheduling, GPUs, SIMD, Viola-Jones},
} 


@INPROCEEDINGS{facedetection1, 
author={P. Viola and M. Jones}, 
booktitle={Proceedings of the 2001 IEEE Computer Society Conference on Computer Vision and Pattern Recognition. CVPR 2001}, 
title={Rapid object detection using a boosted cascade of simple features}, 
year={2001}, 
volume={1}, 
pages={I-511-I-518 vol.1}, 
keywords={feature extraction;image classification;image representation;learning (artificial intelligence);object detection;AdaBoost;background regions;boosted simple feature cascade;classifiers;face detection;image processing;image representation;integral image;machine learning;object specific focus-of-attention mechanism;rapid object detection;real-time applications;statistical guarantees;visual object detection;Detectors;Face detection;Filters;Focusing;Image representation;Machine learning;Object detection;Pixel;Robustness;Skin}, 
doi={10.1109/CVPR.2001.990517}, 
ISSN={1063-6919}, 
month={},}

@article{facedetection2,
 author = {Viola, Paul and Jones, Michael J.},
 title = {Robust Real-Time Face Detection},
 journal = {Int. J. Comput. Vision},
 issue_date = {May 2004},
 volume = {57},
 number = {2},
 month = may,
 year = {2004},
 issn = {0920-5691},
 pages = {137--154},
 numpages = {18},
 url = {http://dx.doi.org/10.1023/B:VISI.0000013087.49260.fb},
 doi = {10.1023/B:VISI.0000013087.49260.fb},
 acmid = {966458},
 publisher = {Kluwer Academic Publishers},
 address = {Hingham, MA, USA},
 keywords = {boosting, face detection, human sensing},
} 


@article{MAGMA,
  author={Emmanuel Agullo and Jim Demmel and Jack Dongarra and Bilel Hadri and Jakub Kurzak and Julien Langou and Hatem Ltaief and Piotr Luszczek and Stanimire Tomov},
  title={Numerical linear algebra on emerging architectures: The PLASMA and MAGMA projects},
  journal={Journal of Physics: Conference Series},
  volume={180},
  number={1},
  pages={012037},
  url={http://stacks.iop.org/1742-6596/180/i=1/a=012037},
  year={2009},
}

@inproceedings{Shalf:exascaleChallenges,
 author = {Shalf, John and Dosanjh, Sudip and Morrison, John},
 title = {Exascale Computing Technology Challenges},
 booktitle = {Proceedings of the 9th International Conference on High Performance Computing for Computational Science},
 series = {VECPAR'10},
 year = {2011},
 isbn = {978-3-642-19327-9},
 location = {Berkeley, CA},
 pages = {1--25},
 numpages = {25},
 url = {http://dl.acm.org/citation.cfm?id=1964238.1964240},
 acmid = {1964240},
 publisher = {Springer-Verlag},
 address = {Berlin, Heidelberg},
 keywords = {HPC, codesign, exascale},
} 


@online {top500,
        title = {Top 500 supercomputer sites: http://www.top500.org},
        }
@online {rambutanWebsite,
        title = {Rambutan webpage: http://crd.lbl.gov/departments/computer-science/computer-architecture-group/research/rambutan},
        }


@article{exascaleRoadMap,
 author = {Dongarra et al., Jack},
 title = {The International Exascale Software Project Roadmap},
 journal = {Int. J. High Perform. Comput. Appl.},
 issue_date = {February  2011},
 volume = {25},
 number = {1},
 month = feb,
 year = {2011},
 issn = {1094-3420},
 pages = {3--60},
 numpages = {58},
 acmid = {1943339},
 publisher = {Sage Publications, Inc.},
 address = {Thousand Oaks, CA, USA},
 keywords = {exascale computing, high-performance computing, software stack},
} 


@techreport{25Dcannon,
    Author = {Solomonik, Edgar and Demmel, James},
    Title = {Communication-optimal parallel 2.5D matrix multiplication and LU factorization algorithms},
    Institution = {EECS Department, University of California, Berkeley},
    Year = {2011},
    Month = {Jun},
    URL = {http://www.eecs.berkeley.edu/Pubs/TechRpts/2011/EECS-2011-72.html},
    Number = {UCB/EECS-2011-72},
  }


@inproceedings{patus,
 author = {Christen, Matthias and Schenk, Olaf and Cui, Yifeng},
 title = {Patus for Convenient High-performance Stencils: Evaluation in Earthquake Simulations},
 booktitle = {Proceedings of the International Conference on High Performance Computing, Networking, Storage and Analysis},
 series = {SC '12},
 year = {2012},
 isbn = {978-1-4673-0804-5},
 location = {Salt Lake City, Utah},
 pages = {11:1--11:10},
 articleno = {11},
 numpages = {10},
 url = {http://dl.acm.org/citation.cfm?id=2388996.2389011},
 acmid = {2389011},
 publisher = {IEEE Computer Society Press},
 address = {Los Alamitos, CA, USA},
} 


@inproceedings{physics,
 author = {Maruyama, Naoya and Nomura, Tatsuo and Sato, Kento and Matsuoka, Satoshi},
 title = {Physis: An Implicitly Parallel Programming Model for Stencil Computations on Large-scale GPU-accelerated Supercomputers},
 booktitle = {Proceedings of 2011 International Conference for High Performance Computing, Networking, Storage and Analysis},
 series = {SC '11},
 year = {2011},
 isbn = {978-1-4503-0771-0},
 location = {Seattle, Washington},
 pages = {11:1--11:12},
 articleno = {11},
 numpages = {12},
 url = {http://doi.acm.org/10.1145/2063384.2063398},
 doi = {10.1145/2063384.2063398},
 acmid = {2063398},
 publisher = {ACM},
 address = {New York, NY, USA},
 keywords = {application framework, domain specific languages, high perforamnce computing},
} 

@article{mvapich2gpu,
 author = {Wang, Hao and Potluri, Sreeram and Luo, Miao and Singh, Ashish Kumar and Sur, Sayantan and Panda, Dhabaleswar K.},
 title = {MVAPICH2-GPU: Optimized GPU to GPU Communication for InfiniBand Clusters},
 journal = {Comput. Sci.},
 issue_date = {June      2011},
 volume = {26},
 number = {3-4},
 month = jun,
 year = {2011},
 issn = {1865-2034},
 pages = {257--266},
 numpages = {10},
 url = {http://dx.doi.org/10.1007/s00450-011-0171-3},
 doi = {10.1007/s00450-011-0171-3},
 acmid = {1997893},
 publisher = {Springer-Verlag New York, Inc.},
 address = {Secaucus, NJ, USA},
 keywords = {CUDA, Clusters, GPGPU, InfiniBand, MPI},
}

@inproceedings{mpiacc,
 author = {Aji, Ashwin M. and Dinan, James and Buntinas, Darius and Balaji, Pavan and Feng, Wu-chun and Bisset, Keith R. and Thakur, Rajeev},
 title = {MPI-ACC: An Integrated and Extensible Approach to Data Movement in Accelerator-based Systems},
 booktitle = {Proceedings of the 2012 IEEE 14th International Conference on High Performance Computing and Communication \& 2012 IEEE 9th International Conference on Embedded Software and Systems},
 series = {HPCC '12},
 year = {2012},
 isbn = {978-0-7695-4749-7},
 pages = {647--654},
 numpages = {8},
 url = {http://dx.doi.org/10.1109/HPCC.2012.92},
 doi = {10.1109/HPCC.2012.92},
 acmid = {2373540},
 publisher = {IEEE Computer Society},
 address = {Washington, DC, USA},
 keywords = {MPI, GPU, CUDA, OpenCL, MPI-ACC},
}


@inproceedings{mpiacc1,
 author = {Aji, Ashwin M. and Panwar, Lokendra S. and Ji, Feng and Chabbi, Milind and Murthy, Karthik and Balaji, Pavan and Bisset, Keith R. and Dinan, James and Feng, Wu-chun and Mellor-Crummey, John and Ma, Xiaosong and Thakur, Rajeev},
 title = {On the Efficacy of GPU-integrated MPI for Scientific Applications},
 booktitle = {Proceedings of the 22Nd International Symposium on High-performance Parallel and Distributed Computing},
 series = {HPDC '13},
 year = {2013},
 isbn = {978-1-4503-1910-2},
 location = {New York, New York, USA},
 pages = {191--202},
 numpages = {12},
 url = {http://doi.acm.org/10.1145/2462902.2462915},
 doi = {10.1145/2462902.2462915},
 acmid = {2462915},
 publisher = {ACM},
 address = {New York, NY, USA},
 keywords = {GPGPU, MPI, MPI-ACC, computational epidemiology, seismology},
}



@INPROCEEDINGS{legion, 
author={M, Bauer and S, Treichler and E, Slaughter and A, Aiken}, 
booktitle={High Performance Computing, Networking, Storage and Analysis (SC), 2012 International Conference for}, 
title={Legion: Expressing locality and independence with logical regions}, 
year={2012}, 
pages={1-11}, 
keywords={distributed memory systems;parallel architectures;parallel machines;parallel programming;processor scheduling;Legion programs;deep complex memory hierarchies;distributed algorithm;heterogeneous processors;logical regions;memory hierarchy;parallel architectures;parallel scheduling algorithm;parallelism extraction;program data independence;program data locality;programmer controlled data movement;programming model;runtime system;task placement;Circuit simulation;Coherence;Out of order;Programming;Vegetation;Wires}, 
doi={10.1109/SC.2012.71}, 
ISSN={2167-4329}, 
month={Nov},}

@inproceedings{fillNRetreat,
 author = {Wu, Bo and Chen, Guoyang and Li, Dong and Shen, Xipeng and Vetter, Jeffrey},
 title = {Enabling and Exploiting Flexible Task Assignment on GPU Through SM-Centric Program Transformations},
 booktitle = {Proceedings of the 29th ACM on International Conference on Supercomputing},
 series = {ICS '15},
 year = {2015},
 isbn = {978-1-4503-3559-1},
 location = {Newport Beach, California, USA},
 pages = {119--130},
 numpages = {12},
 url = {http://doi.acm.org/10.1145/2751205.2751213},
 doi = {10.1145/2751205.2751213},
 acmid = {2751213},
 publisher = {ACM},
 address = {New York, NY, USA},
 keywords = {compiler transformation, data affinity, gpgpu, program co-run, scheduling},
} 


@article{batchedCholesky,
title = "Performance Tuning and Optimization Techniques of Fixed and Variable Size Batched Cholesky Factorization on {GPUs}",
journal = "Procedia Computer Science ",
volume = "80",
number = "",
pages = "119 - 130",
year = "2016",
note = "International Conference on Computational Science 2016, {ICCS} 2016, 6-8 June 2016, San Diego, California, {USA}",
issn = "1877-0509",
author = "Ahmad Abdelfattah and Azzam Haidar and Stanimire Tomov and Jack Dongarra",
keywords = "Batched Computation",
keywords = "Cholesky Factorization",
keywords = "Tuning",
keywords = "GPUs "
}



@inproceedings{cnc-hc,
 author = {Sb\^{\i}rlea, Alina and Zou, Yi and Budiml\'{\i}c, Zoran and Cong, Jason and Sarkar, Vivek},
 title = {Mapping a Data-flow Programming Model Onto Heterogeneous Platforms},
 booktitle = {Proceedings of the 13th ACM SIGPLAN/SIGBED International Conference on Languages, Compilers, Tools and Theory for Embedded Systems},
 series = {LCTES '12},
 year = {2012},
 isbn = {978-1-4503-1212-7},
 location = {Beijing, China},
 pages = {61--70},
 numpages = {10},
} 


@inproceedings{LUChan,
 author = {Chan, Ernie and van de Geijn, Robert and Chapman, Andrew},
 title = {Managing the Complexity of Lookahead for LU Factorization with Pivoting},
 booktitle = {Proceedings of the Twenty-second Annual ACM Symposium on Parallelism in Algorithms and Architectures},
 series = {SPAA '10},
 year = {2010},
 isbn = {978-1-4503-0079-7},
 location = {Thira, Santorini, Greece},
 pages = {200--208},
 numpages = {9},
 url = {http://doi.acm.org/10.1145/1810479.1810520},
 doi = {10.1145/1810479.1810520},
 acmid = {1810520},
 publisher = {ACM},
 address = {New York, NY, USA},
 keywords = {LU factorization with partial pivoting, algorithm-by-blocks, directed acyclic graph, lookahead},
} 

@INPROCEEDINGS{split_phase,
    author = {Chihpo Wen and Katherine Yelick},
    title = {Portable Runtime Support for Asynchronous Simulation},
    booktitle = {in International Conference on Parallel Processing},
    year = {1995}
}

@Inbook{tida-ISC16,
author="Unat, Didem and Nguyen, Tan and Zhang, Weiqun and Farooqi, Muhammed Nufail and Bastem, Burak and Michelogiannakis, George and Almgren, Ann and Shalf, John",
editor="Kunkel, M. Julian and Balaji, Pavan and Dongarra, Jack",
title="TiDA: High-Level Programming Abstractions for Data Locality Management",
bookTitle="High Performance Computing: 31st International Conference, ISC High Performance 2016, Frankfurt, Germany, June 19-23, 2016, Proceedings",
year="2016",
publisher="Springer International Publishing",
address="Cham",
pages="116--135",
isbn="978-3-319-41321-1",
doi="10.1007/978-3-319-41321-1_7",
url="http://dx.doi.org/10.1007/978-3-319-41321-1_7"
}


@INPROCEEDINGS{bamboo-LU, 
author={T. Nguyen and S. B. Baden}, 
booktitle={Cluster Computing (CLUSTER), 2015 IEEE International Conference on}, 
title={LU Factorization: Towards Hiding Communication Overheads with a Lookahead-Free Algorithm}, 
year={2015}, 
pages={394-397}, 
keywords={distributed memory systems;matrix decomposition;LU factorization;Linpack benchmark;Stampede mainframe;automated code-restructuring;lookahead technique;lookahead-free algorithm;matrix factorization;supercomputer performance;Benchmark testing;Computational modeling;Geometry;Libraries;Linear algebra;Processor scheduling;Program processors}, 
doi={10.1109/CLUSTER.2015.61}, 
month={Sept},}

@inproceedings{HTA,
 author = {Fraguela, Basilio B. and Guo, Jia and Bikshandi, Ganesh and Garzar\'{a}n, Mar\'{\i}a J. and Alm\'{a}si, Gheorghe and Moreira, Jos{\'e} and Padua, David},
 title = {The Hierarchically Tiled Arrays Programming Approach},
 booktitle = {Proceedings of the 7th Workshop on Workshop on Languages, Compilers, and Run-time Support for Scalable Systems},
 series = {LCR '04},
 year = {2004},
 location = {Houston, Texas, USA},
 pages = {1--12},
 numpages = {12},
 url = {http://doi.acm.org/10.1145/1066650.1066657},
 doi = {10.1145/1066650.1066657},
 acmid = {1066657},
 publisher = {ACM},
 address = {New York, NY, USA},
 keywords = {parallel languages},
} 

@inproceedings{kokkos,
 author = {Edwards, H. Carter and Sunderland, Daniel},
 title = {Kokkos Array Performance-portable Manycore Programming Model},
 booktitle = {Proceedings of the 2012 International Workshop on Programming Models and Applications for Multicores and Manycores},
 series = {PMAM '12},
 year = {2012},
 isbn = {978-1-4503-1211-0},
 location = {New Orleans, Louisiana},
 pages = {1--10},
 numpages = {10},
 url = {http://doi.acm.org/10.1145/2141702.2141703},
 doi = {10.1145/2141702.2141703},
 acmid = {2141703},
 publisher = {ACM},
 address = {New York, NY, USA},
 keywords = {GPU, manycore, mini-application, multicore, multidimensional array},
} 


@article{Dubey:2014:amr,
 author = {Dubey, Anshu and Almgren, Ann and Bell, John and Berzins, Martin and Brandt, Steve and Bryan, Greg and Colella, Phillip and Graves, Daniel and Lijewski, Michael and L\"{o}ffler, Frank and O'Shea, Brian and Schnetter, Erik and Van Straalen, Brian and Weide, Klaus},
 title = {A Survey of High Level Frameworks in Block-structured Adaptive Mesh Refinement Packages},
 journal = {J. Parallel Distrib. Comput.},
 issue_date = {December 2014},
 volume = {74},
 number = {12},
 month = dec,
 year = {2014},
 issn = {0743-7315},
 pages = {3217--3227},
 numpages = {11},
 url = {http://dx.doi.org/10.1016/j.jpdc.2014.07.001},
 doi = {10.1016/j.jpdc.2014.07.001},
 acmid = {2841786},
 publisher = {Academic Press, Inc.},
 address = {Orlando, FL, USA},
 keywords = {BoxLib, Cactus, Chombo, Enzo, FLASH, SAMR, Uintah},
} 


@INPROCEEDINGS{nexus, 
author={Dallou, T. and Elhossini, A. and Juurlink, B. and Engelhardt, N.}, 
booktitle={Parallel and Distributed Processing Symposium (IPDPS), 2015 IEEE International}, 
title={Nexus\#: A Distributed Hardware Task Manager for Task-Based Programming Models}, 
year={2015}, 
pages={1129-1138}, 
doi={10.1109/IPDPS.2015.79}, 
ISSN={1530-2075}, 
month={May},}

@INPROCEEDINGS{ompss1, 
author={Planas, J. and Badia, R.M. and Ayguade, E. and Labarta, J.}, 
booktitle={Parallel Distributed Processing (IPDPS), 2013 IEEE 27th International Symposium on}, 
title={Self-Adaptive OmpSs Tasks in Heterogeneous Environments}, 
year={2013}, 
pages={138-149}, 
doi={10.1109/IPDPS.2013.53}, 
ISSN={1530-2075}, 
month={May},}

@INPROCEEDINGS{ampi03,
        author="Chao Huang and Orion Lawlor and L. V. Kal\'{e}",
        title="Adaptive {MPI}",
	institution = "Parallel Programming Laboratory, Department of
          Computer Science, University of Illinois at
          Urbana-Champaign",
	booktitle = "Proceedings of the 16th International Workshop on Languages and Compilers for Parallel Computing (LCPC 2003), LNCS 2958",
	month = "October",
	year = "2003",
	address = "College Station, Texas",
	pages = "306-322"
}

@InProceedings{BlumofeJoKu95,
address	= {Santa Barbara, California},
author	= {Robert D. Blumofe and Christopher F. Joerg and Bradley C. Kuszmaul and Charles E. Leiserson and Keith H. Randall and Yuli Zhou},
booktitle	= {Proceedings of the Fifth ACM SIGPLAN Symposium on Principles and Practice of Parallel Programming (PPoPP)},
day	= {19--21},
month	= jul,
pages	= {207--216},
title	= {{Cilk}: An Efficient Multithreaded Runtime System},
year	= {1995}
}

@phdthesis {cicotti11:dissertation,
   author = "Pietro Cicotti",
   title  = "Tarragon: a Programming Model for Latency-Hiding Scientific Computations",
   school = "Department of Computer Science and Engineering, University of California, San Diego",
   year = 2011
}

@INPROCEEDINGS{cicotti11:dfm11,
    author = {Pietro Cicotti and Scott B. Baden},
    title = {Latency Hiding and Performance Tuning with Graph-Based Execution},
    booktitle = {The Seventh IEEE eScience Conference, Data-Flow Execution Models for Extreme Scale Computing (DFM 2011)},
    address = {Galveston Island, Texas},
    year = {2011}
}


@inproceedings{Williams:2012:gmgsc12,
 author = {Williams, Samuel and Kalamkar, Dhiraj D. and Singh, Amik and Deshpande, Anand M. and Van Straalen, Brian and Smelyanskiy, Mikhail and Almgren, Ann and Dubey, Pradeep and Shalf, John and Oliker, Leonid},
 title = {Optimization of Geometric Multigrid for Emerging Multi- and Manycore Processors},
 booktitle = {Proceedings of the International Conference on High Performance Computing, Networking, Storage and Analysis},
 series = {SC '12},
 year = {2012},
 isbn = {978-1-4673-0804-5},
 location = {Salt Lake City, Utah},
 pages = {96:1--96:11},
 articleno = {96},
 numpages = {11},
 url = {http://dl.acm.org/citation.cfm?id=2388996.2389126},
 acmid = {2389126},
 publisher = {IEEE Computer Society Press},
 address = {Los Alamitos, CA, USA},
 keywords = {Knights corner, OpenMP, Xeon Phi, auto-tuning, communication-avoiding, geometric multigrid, multicore},
} 


@article{Williams:2009:Roofline,
 author = {Williams, Samuel and Waterman, Andrew and Patterson, David},
 title = {Roofline: An Insightful Visual Performance Model for Multicore Architectures},
 journal = {Commun. ACM},
 issue_date = {April 2009},
 volume = {52},
 number = {4},
 month = apr,
 year = {2009},
 issn = {0001-0782},
 pages = {65--76},
 numpages = {12},
 url = {http://doi.acm.org/10.1145/1498765.1498785},
 doi = {10.1145/1498765.1498785},
 acmid = {1498785},
 publisher = {ACM},
 address = {New York, NY, USA},
} 

@inproceedings{Chatterjee:2013:HCMPI,
 author = {Chatterjee, Sanjay and Tasirlar, Sagnak and Budimlic, Zoran and Cave, Vincent and Chabbi, Milind and Grossman, Max and Sarkar, Vivek and Yan, Yonghong},
 title = {Integrating Asynchronous Task Parallelism with MPI},
 booktitle = {Proceedings of the 2013 IEEE 27th International Symposium on Parallel and Distributed Processing},
 series = {IPDPS '13},
 year = {2013},
 isbn = {978-0-7695-4971-2},
 pages = {712--725},
 numpages = {14},
 url = {http://dx.doi.org/10.1109/IPDPS.2013.78},
 doi = {10.1109/IPDPS.2013.78},
 acmid = {2511396},
 publisher = {IEEE Computer Society},
 address = {Washington, DC, USA},
 keywords = {MPI, asynchronous task parallelism, data flow, data-driven tasks, phasers},
} 


@book{Lewis:1998:Pthreads,
 author = {Lewis, Bil and Berg, Daniel J.},
 title = {Multithreaded Programming with Pthreads},
 year = {1998},
 isbn = {0-13-680729-1},
 publisher = {Prentice-Hall, Inc.},
 address = {Upper Saddle River, NJ, USA},
} 

@book{Reinders:2007:TBB,
 author = {Reinders, James},
 title = {Intel Threading Building Blocks},
 year = {2007},
 isbn = {9780596514808},
 edition = {First},
 publisher = {O'Reilly \& Associates, Inc.},
 address = {Sebastopol, CA, USA},
} 

@techreport{Bonachea:2002:gasnet,
 author = {Bonachea, Dan},
 title = {GASNet Specification, V1.1},
 year = {2002},
 source = {http://www.ncstrl.org:8900/ncstrl/servlet/search?formname=detail\&id=oai%3Ancstrlh%3Aucb%3AUCB%2F%2FCSD-02-1207},
 publisher = {University of California at Berkeley},
 address = {Berkeley, CA, USA},
} 


@misc{cnc,
 author = {Intel Corporation},
 title = {Intel \textsuperscript{\textregistered} \uppercase{C}oncurrent \uppercase{C}ollections for \uppercase{C/C++}.},
 note = {\url{https://software.intel.com/en-us/concurrent-collections-for-cc}},
}


@INPROCEEDINGS{Basumallik02towardsopenmp,
    author = {Ayon Basumallik and Seung-jai Min and Rudolf Eigenmann},
    title = {Towards OpenMP Execution on Software Distributed Shared Memory Systems},
    booktitle = {Proc. WOMPEI’02, LNCS 2327},
    year = {2002},
    pages = {457--468},
    publisher = {Springer Verlag}
}

@article{jacobsen2011full,
   title={A Full-Depth Amalgamated Parallel 3D Geometric Multigrid Solver for GPU Clusters},
   author={Jacobsen, D.A. and Senocak, I.},
   year={2011}
}

@inproceedings{Nakajima:2010:multigrid,
 author = {Nakajima, Kengo},
 title = {Parallel Multigrid Solvers Using OpenMP/MPI Hybrid Programming Models on Multi-core/Multi-socket Clusters},
 booktitle = {Proceedings of the 9th International Conference on High Performance Computing for Computational Science},
 series = {VECPAR'10},
 year = {2011},
 isbn = {978-3-642-19327-9},
 location = {Berkeley, CA},
 pages = {185--199},
 numpages = {15},
 url = {http://dl.acm.org/citation.cfm?id=1964238.1964260},
 acmid = {1964260},
 publisher = {Springer-Verlag},
 address = {Berlin, Heidelberg},
 keywords = {multigrid, openMP/MPI hybrid, preconditioning},
} 


@article{Fink:1998:kelp,
 author = {Fink, Stephen J. and Baden, Scott B. and Kohn, Scott R.},
 title = {Efficient Run-time Support for Irregular Block-structured Applications},
 journal = {J. Parallel Distrib. Comput.},
 issue_date = {April 1998},
 volume = {50},
 number = {1-2},
 month = apr,
 year = {1998},
 issn = {0743-7315},
 pages = {61--82},
 numpages = {22},
 url = {http://dx.doi.org/10.1006/jpdc.1998.1437},
 doi = {10.1006/jpdc.1998.1437},
 acmid = {289273},
 publisher = {Academic Press, Inc.},
 address = {Orlando, FL, USA},
} 


@INPROCEEDINGS{McCorquodale:ellipticSolver, 
author={McCorquodale, P. and Colella, P. and Balls, G.T. and Baden, S.B.}, 
booktitle={Parallel Processing, 2005. ICPP 2005 Workshops. International Conference Workshops on}, 
title={A scalable parallel Poisson solver in three dimensions with infinite-domain boundary conditions}, 
year={2005}, 
pages={163-172}, 
keywords={Poisson equation;elliptic equations;mathematics computing;multiprocessing systems;parallel algorithms;parallel programming;Blue Gene/L;elliptic free space solver;infinite domain boundary conditions;local corrections;parallel scalability;scalable parallel Poisson solver;Boundary conditions;Computer science;Costs;Drives;Finite element methods;Laboratories;Poisson equations;Process planning;Pulse width modulation;Scalability}, 
doi={10.1109/ICPPW.2005.17}, 
ISSN={1530-2016}, 
month={June},}

@article{Gropp:exascaleProgramming,
 author = {Gropp, William and Snir, Marc},
 title = {Programming for Exascale Computers},
 journal = {Computing in Science and Engg.},
 issue_date = {November 2013},
 volume = {15},
 number = {6},
 month = nov,
 year = {2013},
 issn = {1521-9615},
 pages = {27--35},
 numpages = {9},
 url = {http://dx.doi.org/10.1109/MCSE.2013.96},
 doi = {10.1109/MCSE.2013.96},
 acmid = {2719657},
 publisher = {IEEE Educational Activities Department},
 address = {Piscataway, NJ, USA},
} 

@inproceedings{Villa:pathToExascale,
 author = {Villa, Oreste and Johnson, Daniel R. and O'Connor, Mike and Bolotin, Evgeny and Nellans, David and Luitjens, Justin and Sakharnykh, Nikolai and Wang, Peng and Micikevicius, Paulius and Scudiero, Anthony and Keckler, Stephen W. and Dally, William J.},
 title = {Scaling the Power Wall: A Path to Exascale},
 booktitle = {Proceedings of the International Conference for High Performance Computing, Networking, Storage and Analysis},
 series = {SC '14},
 year = {2014},
 isbn = {978-1-4799-5500-8},
 location = {New Orleans, Louisana},
 pages = {830--841},
 numpages = {12},
 url = {http://dx.doi.org/10.1109/SC.2014.73},
 doi = {10.1109/SC.2014.73},
 acmid = {2683684},
 publisher = {IEEE Press},
 address = {Piscataway, NJ, USA},
} 

@MISC{Klasky_insitu,
    author = {Scott Klasky and Hasan Abbasi and Jeremy Logan and Manish Parashar and Karsten Schwan and Matthew Wolf and Sean Ahern and Ilkay Altintas and Wes Bethel and Luis Chacon and Cs Chang and Jackie Chen and Hank Childs and Julian Cummings and Ciprian Docan and Greg Eisenhauer},
    title = {In situ data processing for extreme-scale computing},
    year = {}
}

@inproceedings{woc15,
  title = {A Container-Based Approach to {OS} Specialization for Exascale
		Computing},
  author = {Judicael A. Zounmevo and Swann Perarnau and Kamil Iskra and Kazutomo
		Yoshii and Roberto Gioiosa and Brian C. Van Essen and Maya B. Gokhale
			and Edgar A. Leon},
  booktitle = {International Workshop on Container Technologies and Container Clouds (WoC)},
  year = {2015}
}

@inproceedings{ASCRExascaleLethin,
  author       = {Saman Amarasinghe and Mary Hall and Richard Lethin and Keshav Pingali
                  and Dan Quinlan and Vivek Sarkar and John Shalf and Robert Lucas 
                  and Katherine Yelick and Pavan Balanji and Pedro C. Diniz and Alice
                  Koniges and Marc Snir},
  title        = {Exascale Programming Challenges},
  booktitle    = {Proceedings of the Workshop on Exascale Programming Challenges, 
                  Marina del Rey, CA, USA},
  year         = {2011},
  month        = {Jul},
  publisher    = {U.S Department of Energy, Office of Science, Office of Advanced 
                  Scientific Computing Research (ASCR)},
  url          = {http://science.energy.gov/~/media/ascr/pdf/program-documents/docs/ProgrammingChallengesWorkshopReport.pdf},
}

@article{unat2015exasat,
  title={ExaSAT: An exascale co-design tool for performance modeling},
  author={Unat, Didem and Chan, Cy and Zhang, Weiqun and Williams, Samuel and Bachan, John and Bell, John and Shalf, John},
  journal={International Journal of High Performance Computing Applications},
  volume={29},
  number={2},
  pages={209-232},
  year={2015},
  publisher={Sage Publications, Inc.}
}

@techreport{padal-report,
  author={Didem Unat and John Shalf and Torsten Hoefler and Thomas Schulthess and Anshu Dubey (Editors) and others},
  title={{Programming Abstractions for Data Locality}},
  journal={Technical Report},
  institution={},
  year={2014},
  location={Lugano, Switzerland},
}

@inproceedings{swarm,
 author = {Lauderdale, Christopher and Khan, Rishi},
 title = {Towards a Codelet-based Runtime for Exascale Computing: Position Paper},
 booktitle = {Proceedings of the 2Nd International Workshop on Adaptive Self-Tuning Computing Systems for the Exaflop Era},
 series = {EXADAPT '12},
 year = {2012},
 isbn = {978-1-4503-1147-2},
 location = {London, United Kingdom},
 pages = {21--26},
 numpages = {6},
 url = {http://doi.acm.org/10.1145/2185475.2185478},
 doi = {10.1145/2185475.2185478},
 acmid = {2185478},
 publisher = {ACM},
 address = {New York, NY, USA},
 keywords = {adaptive, codelet, dynamic, exascale, many-core, parallel, program execution model, runtime},
} 

@inproceedings{Habanero-Java,
 author = {Cav{\'e}, Vincent and Zhao, Jisheng and Shirako, Jun and Sarkar, Vivek},
 title = {Habanero-Java: The New Adventures of Old X10},
 booktitle = {Proceedings of the 9th International Conference on Principles and Practice of Programming in Java},
 series = {PPPJ '11},
 year = {2011},
 isbn = {978-1-4503-0935-6},
 location = {Kongens Lyngby, Denmark},
 pages = {51--61},
 numpages = {11},
 url = {http://doi.acm.org/10.1145/2093157.2093165},
 doi = {10.1145/2093157.2093165},
 acmid = {2093165},
 publisher = {ACM},
 address = {New York, NY, USA},
 keywords = {data-race detection, language, parallel programming},
} 


@inproceedings{hpt,
 author = {Yan, Yonghong and Zhao, Jisheng and Guo, Yi and Sarkar, Vivek},
 title = {Hierarchical Place Trees: A Portable Abstraction for Task Parallelism and Data Movement},
 booktitle = {Proceedings of the 22Nd International Conference on Languages and Compilers for Parallel Computing},
 series = {LCPC'09},
 year = {2010},
 isbn = {3-642-13373-8, 978-3-642-13373-2},
 location = {Newark, DE},
 pages = {172--187},
 numpages = {16},
 url = {http://dx.doi.org/10.1007/978-3-642-13374-9_12},
 doi = {10.1007/978-3-642-13374-9_12},
 acmid = {2155259},
 publisher = {Springer-Verlag},
 address = {Berlin, Heidelberg},
} 


@article {unitah-cfd,
author = {Meng, Qingyu and Berzins, Martin},
title = {Scalable large-scale fluid–structure interaction solvers in the Uintah framework via hybrid task-based parallelism algorithms},
journal = {Concurrency and Computation: Practice and Experience},
volume = {26},
number = {7},
issn = {1532-0634},
url = {http://dx.doi.org/10.1002/cpe.3099},
doi = {10.1002/cpe.3099},
pages = {1388--1407},
keywords = {MPI, threads, Uintah, many core, lock free, fluid–structure interaction},
year = {2014},
}


@INPROCEEDINGS{unitah, 
author={Qingyu Meng and Humphrey, A. and Berzins, M.}, 
booktitle={High Performance Computing, Networking, Storage and Analysis (SCC), 2012 SC Companion:}, 
title={The uintah framework: a unified heterogeneous task scheduling and runtime system}, 
year={2012}, 
pages={2441-2448}, 
doi={10.1109/SCC.2012.6674233}, 
month={Nov},}

@article{bsp,
 author = {Valiant, Leslie G.},
 title = {A Bridging Model for Parallel Computation},
 journal = {Communications of the ACM},
 issue_date = {Aug. 1990},
 volume = {33},
 number = {8},
 month = aug,
 year = {1990},
 issn = {0001-0782},
 pages = {103--111},
 numpages = {9},
 url = {http://doi.acm.org/10.1145/79173.79181},
 doi = {10.1145/79173.79181},
 acmid = {79181},
 publisher = {ACM},
 address = {New York, NY, USA},
} 

@misc{BoxLib,
note = {{\emph{Box{L}ib}}, Center for Computational Sciences and Engineering, Lawrence Berkeley National Laboratory; software available at\
 \url{https://ccse.lbl.gov/BoxLib/}},
}

@misc{osuBench,
note = {{\emph{OSU Micro-Benchmarks}}, Dept of Computer Science and Engineering, Ohio State University; software available at\
 \url{http://mvapich.cse.ohio-state.edu/benchmarks/}},
}


@inproceedings{hwloc,
  author    = {Brice Goglin},
  title     = {Managing the topology of heterogeneous cluster nodes with hardware
               locality (hwloc)},
  booktitle = {International Conference on High Performance Computing {\&} Simulation,
               {HPCS} 2014, Bologna, Italy, 21-25 July, 2014},
  pages     = {74--81},
  year      = {2014},
  url       = {http://dx.doi.org/10.1109/HPCSim.2014.6903671},
  doi       = {10.1109/HPCSim.2014.6903671},
  timestamp = {Thu, 05 Nov 2015 11:51:56 +0100},
  biburl    = {http://dblp.uni-trier.de/rec/bib/conf/hpcs/Goglin14},
}

@Article{ Nyx,
        author = {A.S. Almgren and J.B. Bell and M.J. Lijewski and Z. Lukic and E. Van Andel},
        title = {Nyx: A Massively Parallel {AMR} Code for Computational Cosmology},
        journal = {Astrophysical Journal},
        year = {2013},
        volume ={765},
        pages = {39},
}

@ARTICLE{LMC2,
  author={J.B. Bell and M.S. Day and M.J. Lijewski},
  title={Simulation of Nitrogen Emissions in a Premixed Hydrogen Flame Stabilized on a Low Swirl Burner},
  journal={Proceedings of the Combustion Institute},
  volume={34},
  number={1},
  pages={1173-1182},
  year={2013},
 }

@inproceedings{MemphisNUMA,
  author    = {Collin McCurdy and
               Jeffrey S. Vetter},
  title     = {Memphis: Finding and fixing NUMA-related performance problems
               on multi-core platforms},
  booktitle = {ISPASS},
  year      = {2010},
  pages     = {87-96},
}

@inproceedings{AMM:2014,
 author = {Ang, J. A. and Barrett, R. F. and Benner, R. E. and Burke, D. and Chan, C. and Cook, J. and Donofrio, D. and Hammond, S. D. and Hemmert, K. S. and Kelly, S. M. and Le, H. and Leung, V. J. and Resnick, D. R. and Rodrigues, A. F. and Shalf, J. and Stark, D. and Unat, D. and Wright, N. J.},
 title = {Abstract Machine Models and Proxy Architectures for Exascale Computing},
 booktitle = {Proceedings of the 1st International Workshop on Hardware-Software Co-Design for High Performance Computing},
 series = {Co-HPC '14},
 year = {2014},
 isbn = {978-1-4799-7564-8},
 location = {New Orleans, Louisiana},
 pages = {25--32},
 numpages = {8},
 url = {http://dx.doi.org/10.1109/Co-HPC.2014.4},
 doi = {10.1109/Co-HPC.2014.4},
 acmid = {2689669},
 publisher = {IEEE Press},
 address = {Piscataway, NJ, USA},
} 


@article{barrierAlgorithms,
 author = {Mellor-Crummey, John M. and Scott, Michael L.},
 title = {Algorithms for Scalable Synchronization on Shared-memory Multiprocessors},
 journal = {ACM Transactions on Computer Systems},
 issue_date = {Feb. 1991},
 pages = {21--65},
 numpages = {45},
} 

@inproceedings{bamboo,
 author = {Nguyen, Tan and Cicotti, Pietro and Bylaska, Eric and Quinlan, Dan and Baden, Scott B.},
 title = {Bamboo: Translating MPI Applications to a Latency-tolerant, Data-driven Form},
 booktitle = {Proceedings of the International Conference on High Performance Computing, Networking, Storage and Analysis},
 series = {SC '12},
 year = {2012},
 location = {Salt Lake City, Utah},
 pages = {39:1--39:11},
 articleno = {39},
 numpages = {11},
} 


@article{mpiCollective,
  author    = {Sebastien Lacour and Nicholas  Karonis and Ian T. Foster},
  title     = {MPICH-G2 Collective Operations Performance evaluation, optimizations},
  journal={Technical Report, Mathematics and Computer Science Division, Argonne National Laboratory},
  year= {2011},
}


@inproceedings{orch06,
    Author = "Chao Huang and Laxmikant V. Kale",
    Title = "Charisma: Orchestrating Migratable Parallel Objects",
    booktitle = "Proceedings of IEEE International Symposium on High Performance Distributed Computing (HPDC)",
    year = {2007},
    month = {July},
}

@article{tidawolfhpc,
author= {Didem Unat and Cy Chan and Weiqun Zhang and John Bell and John Shalf},
title= {Tiling as a Durable Abstraction for Parallelism and Data Locality},
journal={Workshop on Domain-Specific Languages and High-Level Frameworks for High Performance Computing},
year= {2013},
month = {November},
}

@article{Bosilca:2012:DAGuE,
 author = {Bosilca, George and Bouteiller, Aurelien and Danalis, Anthony and Herault, Thomas and Lemarinier, Pierre and Dongarra, Jack},
 title = {DAGuE: A Generic Distributed DAG Engine for High Performance Computing},
 journal = {Parallel Comput.},
 issue_date = {January, 2012},
 volume = {38},
 number = {1-2},
 month = jan,
 year = {2012},
 issn = {0167-8191},
 pages = {37--51},
 numpages = {15},
 acmid = {2088698},
 publisher = {Elsevier Science Publishers B. V.},
 address = {Amsterdam, The Netherlands, The Netherlands},
 keywords = {Architecture aware scheduling, HPC, Heterogeneous architectures, Micro-task DAG},
} 


@INPROCEEDINGS{dplasma, 
author={Bosilca, G. and Bouteiller, A. and Danalis, A. and Faverge, M. and Haidar, A. and Herault, T. and Kurzak, J. and Langou, J. and Lemarinier, P. and Ltaief, H. and Luszczek, P. and YarKhan, A. and Dongarra, J.}, 
booktitle={Parallel and Distributed Processing Workshops and Phd Forum (IPDPSW), 2011 IEEE International Symposium on}, 
title={Flexible Development of Dense Linear Algebra Algorithms on Massively Parallel Architectures with DPLASMA}, 
year={2011}, 
pages={1432-1441}, 
ISSN={1530-2075}, 
month={May},}

@inproceedings{ompss,
 author = {Bueno, Javier and Martorell, Xavier and Badia, Rosa M. and Ayguad{\'e}, Eduard and Labarta, Jes\'{u}s},
 title = {Implementing OmpSs Support for Regions of Data in Architectures with Multiple Address Spaces},
 booktitle = {Proceedings of the 27th International ACM Conference on International Conference on Supercomputing},
 series = {ICS '13},
 year = {2013},
 isbn = {978-1-4503-2130-3},
 location = {Eugene, Oregon, USA},
 pages = {359--368},
 numpages = {10},
 url = {http://doi.acm.org/10.1145/2464996.2465017},
 doi = {10.1145/2464996.2465017},
 acmid = {2465017},
 publisher = {ACM},
 address = {New York, NY, USA},
 keywords = {cluster programming, non-contiguous memory access, openmp, run-time environments},
} 


@phdthesis{cilk,
 author = {Randall, Keith H.},
 title = {Cilk: Efficient Multithreaded Computing},
 year = {1998},
 note = {AAI0599615},
 publisher = {Massachusetts Institute of Technology},
 address = {Cambridge, MA, USA},
} 

@phdthesis{bambooThesis,
 author = {Tan Nguyen},
 title = {Bamboo: Automatic Translation of MPI Source into a Latency-Tolerant Form},
 year = {2014},
 publisher = {UNIVERSITY OF CALIFORNIA, SAN DIEGO},
 address = {La Jolla, CA, USA},
}


@inproceedings{hpx,
 author = {Kaiser, Hartmut and Brodowicz, Maciek and Sterling, Thomas},
 title = {ParalleX An Advanced Parallel Execution Model for Scaling-Impaired Applications},
 booktitle = {Proceedings of the 2009 International Conference on Parallel Processing Workshops},
 series = {ICPPW '09},
 year = {2009},
 numpages = {8},
 address = {Washington, DC, USA},
 keywords = {HPC, parallel model of computation, runtime system},
} 


@INPROCEEDINGS{tarragon,
    author = {Pietro Cicotti and Scott B. Baden},
    title = {Asynchronous programming with tarragon},
    booktitle = {in Proc. 15th IEEE International Symposium on High Performance Distributed Computing, 2006},
    year = {2006},
    pages = {375--376}
}
@inproceedings{charm++,
 author = {Kale, Laxmikant V. and Krishnan, Sanjeev},
 title = {CHARM++: A Portable Concurrent Object Oriented System Based on C++},
 booktitle = {Proceedings of the Eighth Annual Conference on Object-oriented Programming Systems, Languages, and Applications},
 series = {OOPSLA '93},
 year = {1993},
 isbn = {0-89791-587-9},
 location = {Washington, D.C., USA},
 pages = {91--108},
 numpages = {18},
 url = {http://doi.acm.org/10.1145/165854.165874},
 doi = {10.1145/165854.165874},
 acmid = {165874},
 publisher = {ACM},
 address = {New York, NY, USA},
} 

@ARTICLE{castro,
   author = {{Almgren}, A.~S. and {Beckner}, V.~E. and {Bell},
                  J.~B. and {Day}, M.~S. and {Howell}, L.~H. and
                  {Joggerst}, C.~C. and {Lijewski}, M.~J. and
                  {Nonaka}, A. and {Singer}, M. and {Zingale}, M.},
    title = "{CASTRO: A New Compressible Astrophysical
                  Solver. I. Hydrodynamics and Self-gravity}",
 keywords = {equation of state, gravitation, hydrodynamics, methods:
                  numerical, nuclear reactions, nucleosynthesis,
                  abundances },
    journal={The Astrophysical Journal},
     year = 2010,
    month = jun,
   volume = 715,
    pages = {1221-1238},
      doi = {10.1088/0004-637X/715/2/1221},
   adsurl = {http://adsabs.harvard.edu/abs/2010ApJ...715.1221A},
  adsnote = {Provided by the SAO/NASA Astrophysics Data System}
}

@ARTICLE{maestro3,
   author = {{Almgren}, A.~S. and {Bell}, J.~B. and {Nonaka}, A. and {Zingale}, M.},
    title = "{Low Mach Number Modeling of Type Ia Supernovae. III. Reactions}",
 keywords = {Convection, Hydrodynamics, Methods: Numerical, Nuclear Reactions, Nucleosynthesis, Abundances, Stars: Supernovae: General, Stars: White Dwarfs},
     year = 2008,
     journal={The Astrophysical Journal},
    month = sep,
   volume = 684,
    pages = {449-470},
      doi = {10.1086/590321},
   adsurl = {http://adsabs.harvard.edu/abs/2008ApJ...684..449A},
  adsnote = {Provided by the SAO/NASA Astrophysics Data System}
}


@article{fgmpi,
 author = {Kamal, Humaira and Wagner, Alan},
 title = {An Integrated Fine-grain Runtime System for MPI},
 journal = {Computing},
 issue_date = {April     2014},
 volume = {96},
 number = {4},
 month = apr,
 year = {2014},
 issn = {0010-485X},
 pages = {293--309},
 numpages = {17},
 url = {http://dx.doi.org/10.1007/s00607-013-0329-x},
 doi = {10.1007/s00607-013-0329-x},
 acmid = {2597582},
 publisher = {Springer-Verlag New York, Inc.},
 address = {New York, NY, USA},
 keywords = {68N01, 68N19, Fine-grain, Function-level parallelism, MPI runtime, MPI-aware scheduler, MPICH2},
} 

@inproceedings{ampi,
 author = {Huang, Chao and Zheng, Gengbin and Kal{\'e}, Laxmikant and Kumar, Sameer},
 title = {Performance Evaluation of Adaptive MPI},
 booktitle = {Proceedings of the Eleventh ACM SIGPLAN Symposium on Principles and Practice of Parallel Programming},
 series = {PPoPP '06},
 year = {2006},
 isbn = {1-59593-189-9},
 location = {New York, New York, USA},
 pages = {12--21},
 numpages = {10},
 url = {http://doi.acm.org/10.1145/1122971.1122976},
 doi = {10.1145/1122971.1122976},
 acmid = {1122976},
 publisher = {ACM},
 address = {New York, NY, USA},
 keywords = {MPI, adaptivity, communication optimization, load balancing, processor virtualization},
} 

